@book{Aide-mémoiredestatistiqueappliquéeàlabiologie,
    author = "Maxime HERVÉ",
    title = "Aide-mémoire de statistique appliquée à la biologie",
    url = "https://cran.r-project.org/doc/contrib/Herve-Aide-memoire-statistique.pdf",
    year = "2016",
    pages = "171"
}

@misc{scikit-learn-neighborhood-components-analysis,
     title="Scikit-learn: Neighborhood Components Analysis",
     url="https://scikit-learn.org/stable/modules/neighbors.html#neighborhood-components-analysis"
}

@misc{scikit-learn-Dimensionality-Reduction,
     title="Scikit-learn: Dimensionality Reduction",
     url="https://scikit-learn.org/stable/auto_examples/neighbors/plot_nca_dim_reduction"
}

@misc{scikit-learn-Extremely-Randomized-Trees,
     title="Scikit-learn: Extremely Randomized Trees",
     url="https://scikit-learn.org/stable/modules/ensemble.html#extremely-randomized-trees"
}


@online{Standardizing_features_when_using_LDA_as_a_pre-processing_step,
     title="Standardizing features when using LDA as a pre-processing step",
     url="https://stats.stackexchange.com/questions/109071/standardizing-features-when-using-lda-as-a-pre-processing-step"
}
